<?xml version="1.0" encoding="UTF-8"?>
<record xmlns="http://www.loc.gov/MARC21/slim" xmlns:xsi="http://www.w3.org/2001/XMLSchema-instance" xsi:schemaLocation="http://www.loc.gov/MARC21/slim http://www.loc.gov/standards/marcxml/schema/MARC21slim.xsd">
<leader>     cam a2200277 a 4500</leader>
<controlfield tag="001">002957519</controlfield>
<controlfield tag="003">NNU</controlfield>
<controlfield tag="005">19940713181853.0</controlfield>
<controlfield tag="008">890109s1944    le            000 0 ara d</controlfield>
<datafield tag="035" ind1="9" ind2=" ">
<subfield code="a">NYUb10685284</subfield>
</datafield>
<datafield tag="035" ind1=" " ind2=" ">
<subfield code="a">(CStRLIN)NYUG89-B840</subfield>
</datafield>
<datafield tag="035" ind1=" " ind2=" ">
<subfield code="a">GLIS00685284X</subfield>
</datafield>
<datafield tag="040" ind1=" " ind2=" ">
<subfield code="a">NNU</subfield>
<subfield code="c">NNU</subfield>
</datafield>
<datafield tag="041" ind1="1" ind2=" ">
<subfield code="a">ara</subfield>
<subfield code="h">lat</subfield>
</datafield>
<datafield tag="090" ind1=" " ind2=" ">
<subfield code="i">01/22/93 CT</subfield>
<subfield code="h">01/11/89 CT</subfield>
</datafield>
<datafield tag="130" ind1="0" ind2=" ">
<subfield code="a">Imitatio Christi.</subfield>
<subfield code="l">Arabic.</subfield>
</datafield>
<datafield tag="245" ind1="1" ind2="0">
<subfield code="a">Kitāb al-iqtidāʼ bi-al-Masīḥ /</subfield>
<subfield code="c">tarjamat al-Rābitah al-Kahnūtīyah.</subfield>
</datafield>
<datafield tag="260" ind1=" " ind2=" ">
<subfield code="a">Bayrūt :</subfield>
<subfield code="b">Manshūrāt al-Ādāb al-Sharqīyah,</subfield>
<subfield code="c">1944.</subfield>
</datafield>
<datafield tag="300" ind1=" " ind2=" ">
<subfield code="a">370, 6 p. ;</subfield>
<subfield code="c">15 cm.</subfield>
</datafield>
<datafield tag="490" ind1="1" ind2=" ">
<subfield code="a">Qūt al-arwāḥ ;</subfield>
<subfield code="v">1</subfield>
</datafield>
<datafield tag="655" ind1=" " ind2="0">
<subfield code="a">Meditations.</subfield>
</datafield>
<datafield tag="700" ind1="0" ind2=" ">
<subfield code="a">Thomas,</subfield>
<subfield code="c">à Kempis,</subfield>
<subfield code="d">1380-1471.</subfield>
</datafield>
<datafield tag="830" ind1=" " ind2="0">
<subfield code="a">Qūt al-arwāḥ ;</subfield>
<subfield code="v">1.</subfield>
</datafield>
<datafield tag="OWN" ind1=" " ind2=" ">
<subfield code="a">GENERAL</subfield>
</datafield>
<datafield tag="950" ind1=" " ind2=" ">
<subfield code="l">BMAIN</subfield>
<subfield code="a">BV4828</subfield>
<subfield code="b">.A7 1944</subfield>
<subfield code="i">01/22/93 C</subfield>
<subfield code="h">01/11/89 C</subfield>
</datafield>
<datafield tag="955" ind1=" " ind2=" ">
<subfield code="l">BMAIN</subfield>
<subfield code="c">2</subfield>
<subfield code="r">016663760</subfield>
<subfield code="i">01/22/93 C</subfield>
</datafield>
<datafield tag="955" ind1=" " ind2=" ">
<subfield code="l">BMAIN</subfield>
<subfield code="c">1</subfield>
<subfield code="r">013479665</subfield>
<subfield code="h">01/11/89 C</subfield>
</datafield>
<datafield tag="998" ind1=" " ind2=" ">
<subfield code="a">01/22/93</subfield>
<subfield code="t">c</subfield>
<subfield code="s">9114</subfield>
<subfield code="n">NNU</subfield>
<subfield code="w">NYUG89B840</subfield>
<subfield code="d">01/09/89</subfield>
<subfield code="c">MG</subfield>
<subfield code="b">WO</subfield>
<subfield code="i">930122</subfield>
<subfield code="h">890111</subfield>
<subfield code="l">NYUG</subfield>
</datafield>
<datafield tag="AVA" ind1=" " ind2=" ">
<subfield code="a">NYU50</subfield>
<subfield code="b">BOBST</subfield>
<subfield code="c">Main Collection</subfield>
<subfield code="d">BV4828 .A7 1944</subfield>
<subfield code="e">unavailable</subfield>
<subfield code="t">Unavailable</subfield>
<subfield code="f">1</subfield>
<subfield code="g">1</subfield>
<subfield code="h">N</subfield>
<subfield code="i">0</subfield>
<subfield code="j">MAIN</subfield>
<subfield code="k">0</subfield>
</datafield>
</record>
